<?xml version="1.0" encoding="UTF-8"?><collection xmlns="http://www.loc.gov/MARC21/slim"><record><leader>00455nam--2200133-i-4500</leader><controlfield tag="001">000036074</controlfield><controlfield tag="002">20161230</controlfield><controlfield tag="005">20161230201040</controlfield><controlfield tag="008">060222s1000------------r-----000-0-eng-d</controlfield><datafield ind1=" " ind2=" " tag="080"><subfield code="a">621.039.3</subfield></datafield><datafield ind1=" " ind2=" " tag="100"><subfield code="a">Olariu, Alexandru Stefan</subfield></datafield><datafield ind1=" " ind2=" " tag="245"><subfield code="a">Actiunea structurala de promotor a oxidului de crom pentru schimbul izotopoc hidrogen-apa grea catalizat pe nichel. /teza de doctorat</subfield></datafield><datafield ind1=" " ind2=" " tag="260"><subfield code="a">Bucuresti, Inst.De Fizica Atomica, 1968, 145p.+ 7p</subfield></datafield><datafield ind1=" " ind2=" " tag="852"><subfield code="a">30303</subfield></datafield></record></collection>